<record><leader>00000cas a2200000 a 4500</leader><controlfield tag="001">37184312</controlfield><controlfield tag="008">970624d189u1919oruwr ne      0   a0eng c</controlfield><datafield ind1=" " ind2=" " tag="010"><subfield code="a">sn 96088376 </subfield></datafield><datafield ind1=" " ind2=" " tag="040"><subfield code="a">OCN</subfield><subfield code="b">eng</subfield><subfield code="c">OCN</subfield><subfield code="d">OCLCQ</subfield><subfield code="d">ORU</subfield><subfield code="d">OCLCQ</subfield><subfield code="d">OCLCF</subfield><subfield code="d">OCLCO</subfield><subfield code="d">DLC</subfield></datafield><datafield ind1="0" ind2=" " tag="022"><subfield code="a">2470-7929</subfield><subfield code="2">1</subfield></datafield><datafield ind1=" " ind2=" " tag="042"><subfield code="a">pcc</subfield></datafield><datafield ind1=" " ind2=" " tag="043"><subfield code="a">n-us-or</subfield></datafield><datafield ind1="0" ind2="0" tag="050"><subfield code="a">Newspaper</subfield></datafield><datafield ind1="1" ind2="0" tag="082"><subfield code="a">071</subfield><subfield code="2">23</subfield></datafield><datafield ind1=" " ind2="0" tag="222"><subfield code="a">Condon globe</subfield><subfield code="b">(Print)</subfield></datafield><datafield ind1="0" ind2="0" tag="245"><subfield code="a">Condon globe.</subfield></datafield><datafield ind1=" " ind2=" " tag="260"><subfield code="a">Condon, Gilliam Co., Or. :</subfield><subfield code="b">S.P. Shutt</subfield></datafield><datafield ind1=" " ind2=" " tag="300"><subfield code="a">v.</subfield></datafield><datafield ind1=" " ind2=" " tag="310"><subfield code="a">Weekly</subfield></datafield><datafield ind1="1" ind2=" " tag="362"><subfield code="a">Ceased in 1919.</subfield></datafield><datafield ind1=" " ind2=" " tag="525"><subfield code="a">Includes supplemental "Annual race meet edition," nos. 1-6 (May 27-June 1, 1918).</subfield></datafield><datafield ind1=" " ind2=" " tag="530"><subfield code="a">Also issued on microfilm from University of Oregon.</subfield></datafield><datafield ind1=" " ind2=" " tag="530"><subfield code="a">Archived issues are available in digital format from the Library of Congress Chronicling America online collection.</subfield></datafield><datafield ind1=" " ind2=" " tag="580"><subfield code="a">Merged with: Condon times, to form: Condon globe-times.</subfield></datafield><datafield ind1=" " ind2=" " tag="588"><subfield code="a">Description based on: Vol. 2, no. 2 (Apr. 1, 1892).</subfield></datafield><datafield ind1=" " ind2=" " tag="588"><subfield code="a">Latest issue consulted: Vol. 29, no. 41 (Dec. 27, 1918).</subfield></datafield><datafield ind1=" " ind2="0" tag="651"><subfield code="a">Condon (Or.)</subfield><subfield code="v">Newspapers.</subfield></datafield><datafield ind1=" " ind2="7" tag="651"><subfield code="a">Oregon</subfield><subfield code="z">Condon.</subfield><subfield code="2">fast</subfield><subfield code="0">(OCoLC)fst01280553</subfield></datafield><datafield ind1=" " ind2="7" tag="655"><subfield code="a">Newspapers.</subfield><subfield code="2">fast</subfield><subfield code="0">(OCoLC)fst01423814</subfield></datafield><datafield ind1=" " ind2=" " tag="752"><subfield code="a">United States</subfield><subfield code="b">Oregon</subfield><subfield code="c">Gilliam</subfield><subfield code="d">Condon.</subfield></datafield><datafield ind1="0" ind2="8" tag="776"><subfield code="i">Online version:</subfield><subfield code="t">Condon globe</subfield><subfield code="x">2470-7937</subfield><subfield code="w">(DLC)  2015270857</subfield><subfield code="w">(OCoLC)937990500</subfield></datafield><datafield ind1="1" ind2="7" tag="785"><subfield code="t">Condon times</subfield><subfield code="w">(DLC)sn 96088377</subfield><subfield code="w">(OCoLC)37184339</subfield></datafield><datafield ind1="1" ind2="7" tag="785"><subfield code="t">Condon globe-times</subfield><subfield code="w">(DLC)sn 96088378</subfield><subfield code="w">(OCoLC)37184367</subfield></datafield><datafield ind1="4" ind2="1" tag="856"><subfield code="u">http://www.loc.gov/chroniclingamerica/lccn/sn96088376/issues</subfield></datafield></record>